 @inbook{cormen, place={Cambridge (Inglaterra)}, title={Polynomials and the FFT}, booktitle={Introduction to Algorithms}, publisher={Mit Press}, author={Cormen, Thomas H. and Leiserson, Charles E. and Rivest, Ronald L. and Stein, Clifford}, year={2009}, pages={906â€“911}} 

@inbook{blelloch,
author = {Blelloch, Guy E. and Maggs, Bruce M.},
title = {Parallel Algorithms},
year = {2010},
isbn = {9781584888208},
publisher = {Chapman and Hall/CRC},
edition = {2},
booktitle = {Algorithms and Theory of Computation Handbook: Special Topics and Techniques},
pages = {25},
numpages = {1}
}