@inbook{cormen, place={Cambridge (Inglaterra)}, title={Polynomials and the FFT}, booktitle={Introduction to Algorithms}, publisher={Mit Press}, author={Cormen, Thomas H. and Leiserson, Charles E. and Rivest, Ronald L. and Stein, Clifford}, year={2009}, pages={909-919}} 

 @misc{rshuston, title={RSHUSTON/FFT-C: FFT implemented in ANSI C}, url={https://github.com/rshuston/FFT-C}, journal={GitHub}, author={Rshuston}} 
 
 @inbook{bryant, place={Harlow, Essex}, title={Machine-Level Representation of Programs}, booktitle={Computer Systems: A Programmer's Perspective}, publisher={Pearson}, author={Bryant, Randal and O'Hallaron, David R.}, year={2016}, pages={253–254}}
 
  @inbook{pacheco, place={Amsterdam}, title={Parallel Hardware and Parallel Software}, booktitle={An Introduction to Parallel Programming}, publisher={Elsevier Science and Technology}, author={Pacheco, Peter S.}, year={2013}, pages={58–61}} 